@misc{TC_supplemental,
author = {Goering, Christoph and Dual, J{\"{u}}rg},
doi = {10.1103/PhysRevE.104.025104},
pages = {025104},
publisher = {Physical Review E},
title = {{Supplemental Material: Dynamic measurement of the acoustic streaming time constant utilizing an optical tweezer}},
url = {https://journals.aps.org/pre/supplemental/10.1103/PhysRevE.104.025104/PRE{\_}Goering{\_}Comsol.mph},
year = {2021}
}

@misc{VT_supplemental,
  author = {Lamprecht, Andreas and Goering, Christoph and Schaap, Iwan A.T. and 
  Dual, J{\"{u}}rg},
doi = {10.1088/1361-6439/abde92},
pages = {034004},
publisher = {Journal of Micromechanics and Microengineering},
title = {{Supplemental Material: Rotational speed measurements of small 
  spherical particles driven by acoustic viscous torques utilizing an optical 
  trap}},
url = {https://stacks.iop.org/JMM/31/034004/mmedia},
year = {2021}
}

@article{Johnson1972,
  title = {Optical Constants of the Noble Metals},
  author = {Johnson, P. B. and Christy, R. W.},
  journal = {Phys. Rev. B},
  volume = {6},
  issue = {12},
  pages = {4370--4379},
  numpages = {0},
  year = {1972},
  month = {12},
  publisher = {American Physical Society},
  doi = {10.1103/PhysRevB.6.4370},
  url = {https://link.aps.org/doi/10.1103/PhysRevB.6.4370}
}
