@inproceedings{wang2012time,
  title={Time-averaged acoustic force and torque exerted on an arbitrarily shaped rigid particle in a viscous fluid using boundary element method},
  author={Wang, J. and Dual, J.},
  booktitle={AIP Conference Proceedings},
  volume={1433},
  pages={791--794},
  year={2012},
  organization={AIP}
}

@Article{Cegla2005,
  author = {Cegla,F.B. and Cawley,P. and Lowe,M.J.S.},
  title = {Material property measurement using the quasi-Scholte mode—A waveguide sensor},
  journal = {The Journal of the Acoustical Society of America},
  volume = {117},
  number = {3},
  pages = {1098-1107},
  year = {2005},
  doi = {10.1121/1.1841631},
  URL = {https://doi.org/10.1121/1.1841631},
  eprint = {https://doi.org/10.1121/1.1841631}
}

@Article{Bruus2012,
author ={Bruus, H.},
title  ={Acoustofluidics 7: The acoustic radiation force on small particles},
journal  ={Lab Chip},
year  ={2012},
volume  ={12},
issue  ={6},
pages  ={1014-1021},
publisher  ={The Royal Society of Chemistry},
doi  ={10.1039/C2LC21068A},
url  ={http://dx.doi.org/10.1039/C2LC21068A},
abstract  ={In this paper{,} Part 7 of the thematic tutorial series “Acoustofluidics – exploiting ultrasonic standing waves{,} forces and acoustic streaming in microfluidic systems for cell and particle manipulation ”{,} we present the theory of the acoustic radiation force; a second-order{,} time-averaged effect responsible for the acoustophoretic motion of suspended{,} micrometre-sized particles in an ultrasound field.}}

@article{Settnes2012,
  title = {Forces acting on a small particle in an acoustical field in a viscous fluid},
  author = {Settnes, M. and Bruus, H.},
  journal = {Phys. Rev. E},
  volume = {85},
  issue = {1},
  pages = {016327},
  numpages = {12},
  year = {2012},
  month = {Jan},
  publisher = {American Physical Society},
  doi = {10.1103/PhysRevE.85.016327},
  url = {https://link.aps.org/doi/10.1103/PhysRevE.85.016327}
}

@article{stellamanns2014optical,
  title={Optical trapping reveals propulsion forces, power generation and motility efficiency of the unicellular parasites Trypanosoma brucei brucei},
  author={Stellamanns, E. and Uppaluri, S. and Hochstetter, A. and Heddergott, N. and Engstler, M. and Pfohl, T.},
  journal={Scientific reports},
  volume={4},
  year={2014},
  publisher={Nature Publishing Group}
}

@article{kirchner2014direct,
  title={Direct optical monitoring of flow generated by bacterial flagellar rotation},
  author={Kirchner, S.R. and Nedev, S. and Carretero-Palacios, S. and Mader, A.  
      and Opitz, M. and Lohm{\"u}ller, T. and Feldmann, J.},
  journal={Applied Physics Letters},
  volume={104},
  number={9},
  pages={093701},
  year={2014},
  publisher={AIP}
}

@article{hefner1999acoustical,
  title={An acoustical helicoidal wave transducer with applications for the alignment of ultrasonic and underwater systems},
  author={Hefner, B.T. and Marston, P.L.},
  journal={The Journal of the Acoustical Society of America},
  volume={106},
  number={6},
  pages={3313--3316},
  year={1999},
  publisher={ASA}
}

@article{volke2008transfer,
  title={Transfer of angular momentum to matter from acoustical vortices in free space},
  author={Volke-Sep{\'u}lveda, K. and Santill{\'a}n, A.O. and Boullosa, R.R},
  journal={Physical review letters},
  volume={100},
  number={2},
  pages={024302},
  year={2008},
  publisher={APS}
}

@article{demore2012mechanical,
  title={Mechanical evidence of the orbital angular momentum to energy ratio of vortex beams},
  author={Demore, C.E.M. and Yang, Z. and Volovick, A. and Cochran, S. and 
      MacDonald, M.P. and Spalding, G.C.},
  journal={Physical review letters},
  volume={108},
  number={19},
  pages={194301},
  year={2012},
  publisher={APS}
}

@article{zhang2014acoustic,
  title={Acoustic radiation torque on small objects in viscous fluids and connection with viscous dissipation},
  author={Zhang, L. and Marston, P.L.},
  journal={The Journal of the Acoustical Society of America},
  volume={136},
  number={6},
  pages={2917--2921},
  year={2014},
  publisher={ASA}
}

@article{aubert2016simple,
  title={A simple acoustofluidic chip for microscale manipulation using evanescent Scholte waves},
  author={Aubert, V. and Wunenburger, R. and Valier-Brasier, T. and Rabaud, D.  
      and Kleman, J. and Poulain, C.},
  journal={Lab on a Chip},
  volume={16},
  number={13},
  pages={2532--2539},
  year={2016},
  publisher={Royal Society of Chemistry}
}

@article{marston2016unphysical,
  title={Unphysical consequences of negative absorbed power in linear passive scattering: Implications for radiation force and torque},
  author={Marston, P.L. and Zhang, L.},
  journal={The Journal of the Acoustical Society of America},
  volume={139},
  number={6},
  pages={3139--3144},
  year={2016},
  publisher={ASA}
}

@article{bernard2017,
  title={Controlled rotation and translation of spherical particles or living cells by Surface Acoustic Waves},
  author={Bernard, I. and Doinikov, A.A. and Marmottant, P. and Rabaud, D. and 
      Poulain, C. and Thibault, P.},
  journal={Lab on a Chip},
  year={2017},
  publisher={Royal Society of Chemistry}
}

@ARTICLE{Reichert,
  author = {Leibacher, I. and Reichert, P. and Dual, J.},
  title = {Microfluidic droplet handling by bulk acoustic wave (BAW) acoustophoresis},
  journal = {Lab Chip},
  year = {2015},
  volume = {15},
  pages = {2896--2905},
  number = {},
}

@ARTICLE{Schwarz,
  author = {Schwarz, T. and Hahn, P. and Petit-Pierre, G. and Dual, J.},
  title = {Rotation of fibers and other non-spherical particles by the acoustic radiation torque},
  journal = {Microfluid Nanofluid},
  year = {2015},
  volume = {18},
  pages = {65--79},
  number = {1},
}

@ARTICLE{Dual2,
  author = {Dual, J. and Hahn, P. and Leibacher, I. and Moller, D. and Schwarz, T. and Wang, J.},
  title = {Acoustofluidics 19: ultrasonic microrobotics in cavities: devices and numerical simulation},
  journal = {Lab Chip},
  year = {2012},
  volume = {12},
  pages = {4010--4021},
  number = {20},
}

@ARTICLE{Barnkob2,
  author = {Barnkob, R. and Augustsson, P. and Laurell, T. and Bruus, H.},
  title = {Measuring the local pressure amplitude in microchannel acoustophoresis},
  journal = {Lab Chip},
  year = {2010},
  volume = {10},
  pages = {563--570},
  number = {5}
}

@ARTICLE{Lakamper,
  author = {Lakamper, S. and Lamprecht, A. and Schaap, I.A.T. and Dual, J.},
  title = {Direct 2{D} measurement of time-averaged forces and pressure amplitudes in acoustophoretic devices using optical trapping},
  journal = {Lab Chip},
  year = {2015},
  volume = {15},
  pages = {290--300},
  number = {1}
}

@ARTICLE{Dreyer,
  author = {Dreyer, J.K. and Berg-Sorensen, K. and Oddershede, L.},
  title = {Improved axial position detection in optical tweezers measurements},
  journal = {Appl. Opt.},
  year = {2004},
  volume = {43},
  pages = {1991--1995},
  number = {10}
}

@ARTICLE{Bodensiek,
  author = {Bodensiek, K. and Li, W.X. and Sanchez, P. and Nawaz, S. and Schaap, I.A.T.},
  title = {A high-speed vertical optical trap for the mechanical testing of living cells at piconewton forces},
  journal = {Rev. Sci. Instrum.},
  year = {2013},
  volume = {84},
  pages = {113707},
  number = {11}
}

@ARTICLE{Vermeulen,
  author = {Vermeulen, K.C. and Wuite, G.J.L. and Stienen, G.J.M. and Schmidt, Ch.F.},
  title = {Optical trap stiffness in the presence and absence of spherical aberrations},
  journal = {Appl. Opt.},
  year = {2006},
  volume = {45},
  pages = {1812--1819},
  number = {8}
}

@ARTICLE{Svoboda,
  author = {Svoboda, K. and Block, S.M.},
  title = {BIOLOGICAL APPLICATIONS OF OPTICAL FORCES},
  journal = {Annu. Rev. Biophys. Biomol. Struct.},
  year = {1994},
  volume = {23},
  pages = {247--285},
  number = {}
}

@article{Lamprecht2016,
  title={Imaging the position-dependent 3{D} force on microbeads subjected to acoustic radiation forces and streaming},
  author={Lamprecht, A. and Lak{\"a}mper, S. and Baasch, T. and Schaap, I.A.T.  
      and Dual, J.},
  journal={Lab on a Chip},
  volume={16},
  number={14},
  pages={2682--2693},
  year={2016},
  publisher={Royal Society of Chemistry}
}

@article{petersson2004,
  title={Separation of lipids from blood utilizing ultrasonic standing waves in microfluidic channels},
  author={Petersson, F. and Nilsson, A. and Holm, C. and J{\"o}nsson, H. and 
      Laurell, T.},
  journal={Analyst},
  volume={129},
  number={10},
  pages={938--943},
  year={2004},
  publisher={Royal Society of Chemistry}
}

@article{grenvall2009,
  title={Harmonic microchip acoustophoresis: a route to online raw milk sample precondition in protein and lipid content quality control},
  author={Grenvall, C. and Augustsson, P. and Folkenberg, J.R. and Laurell, T.},
  journal={Analytical chemistry},
  volume={81},
  number={15},
  pages={6195--6200},
  year={2009},
  publisher={ACS Publications}
}

@article{Evander,
  title={Acoustofluidics 20: applications in acoustic trapping},
  author={Evander, M. and Nilsson, J.},
  journal={Lab on a chip},
  volume={12},
  number={22},
  pages={4667--4676},
  year={2012},
  publisher={Royal Society of Chemistry}
}

@article{leibacher2015m,
  title={Enhanced single-cell printing by acoustophoretic cell focusing},
  author={Leibacher, I. and Schoendube, J. and Dual, J. and Zengerle, R. and 
      Koltay, P.},
  journal={Biomicrofluidics},
  volume={9},
  number={2},
  pages={024109},
  year={2015},
  publisher={AIP Publishing}
}

@article{laurell2007p,
  title={Chip integrated strategies for acoustic separation and manipulation of cells and particles},
  author={Laurell, T. and Petersson, F. and Nilsson, A.},
  journal={Chemical Society Reviews},
  volume={36},
  number={3},
  pages={492--506},
  year={2007},
  publisher={Royal Society of Chemistry}
}

@article{collins2014,
  title={Particle separation using virtual deterministic lateral displacement (vDLD)},
  author={Collins, D.J. and Alan, T. and Neild, A.},
  journal={Lab on a Chip},
  volume={14},
  number={9},
  pages={1595--1603},
  year={2014},
  publisher={Royal Society of Chemistry}
}

@article{ahmed2016,
  title={Artificial swimmers propelled by acoustically activated flagella},
  author={Ahmed, D. and Baasch, T. and Jang, B. and Pane, S. and Dual, J. and 
      Nelson, B.J.},
  journal={Nano Letters},
  volume={16},
  number={8},
  pages={4968--4974},
  year={2016},
  publisher={ACS Publications}
}
%%%%% Viscous torque
@ARTICLE{Maidanik,
  title={Torques due to acoustical radiation pressure},
  author={Maidanik, G.},
  journal={The Journal of the Acoustical Society of America},
  volume={30},
  number={7},
  pages={620--623},
  year={1958},
  publisher={ASA}
}


@PATENT{USpat1,
   author = {M.B. Barmatz},
   title = {System for Controlled Acoustic Rotation of Objects},
   year = {1983},
   number = {US4393706}
}

@PATENT{USpat2,
   author = {M.B. Barmatz},
   title = {Acoustic Controlled Rotation and Orientation},
   year = {1989},
   number = { US4800756 }
}

@PATENT{USpat,
   author = {D.D. Elleman},
   title = {Acoustic Rotation Control},
   year = {1983},
   number = {US4420977}
}

@ARTICLE{Busse,
  title={Torque generated by orthogonal acoustic waves—Theory},
  author={Busse, F.H. and Wang, T.G.},
  journal={The Journal of the Acoustical Society of America},
  volume={69},
  number={6},
  pages={1634--1638},
  year={1981},
  publisher={ASA}
}

@ARTICLE{Wang,
  title={Near-boundary streaming around a small sphere due to two orthogonal standing waves},
  author={Lee, C.P. and Wang, T.G.},
  journal={The Journal of the Acoustical Society of America},
  volume={85},
  number={3},
  pages={1081--1088},
  year={1989},
  publisher={ASA}
}

@ARTICLE{Nyborg,
  title={Acoustic streaming near a boundary},
  author={Nyborg, W.L.},
  journal={The Journal of the Acoustical Society of America},
  volume={30},
  number={4},
  pages={329--339},
  year={1958},
  publisher={ASA}
}

@ARTICLE{Rudnick,
  title={First-order torques and solid-body spinning velocities in intense sound fields},
  author={Wang, T.G. and Kanber, H. and Rudnick, I.},
  journal={Physical Review Letters},
  volume={38},
  number={3},
  pages={128},
  year={1977},
  publisher={APS}
}

@article{Lamprecht,
  title={INVESTIGATIONS ON THE TIME-AVERAGED VISCOUS TORQUE ACTING ON ROTATING MICRO PARTICLES},
  author={Lamprecht, A. and Schwarz, T. and Jingtao, W. and Dual, J.},
  year={2013},
  journal={2013 International Congress on Ultrasonics, 2-5 May 2013, Singapore}
}

@article{phan2014,
  title={Single line particle focusing using a vibrating bubble},
  author={Phan, H.V. and {\c{S}}e{\c{s}}en, M. and Alan, T. and Neild, A.},
  journal={Applied Physics Letters},
  volume={105},
  number={19},
  pages={193507},
  year={2014},
  publisher={AIP Publishing}
}

@article{la2004,
  title={Optical torque wrench: angular trapping, rotation, and torque detection of quartz microparticles},
  author={La Porta, A. and Wang, M.D.},
  journal={Physical review letters},
  volume={92},
  number={19},
  pages={190801},
  year={2004},
  publisher={APS}
}

@article{lamprecht2015,
  title={Viscous torque on spherical micro particles in two orthogonal acoustic standing wave fields},
  author={Lamprecht, A. and Schwarz, T. and Wang, J. and Dual, J.},
  journal={The Journal of the Acoustical Society of America},
  volume={138},
  number={1},
  pages={23--32},
  year={2015},
  publisher={ASA}
}

@article{sitters2015,
  title={Acoustic force spectroscopy},
  author={Sitters, G. and Kamsma, D. and Thalhammer, G. and Ritsch-Marte, M.  
      and Peterman, E.J.G. and Wuite, G.J.L.},
  journal={Nature methods},
  volume={12},
  number={1},
  pages={47--50},
  year={2015},
  publisher={Nature Research}
}

@article{hahn2016,
  title={Numerical simulation of micro-particle rotation by the acoustic viscous torque},
  author={Hahn, P. and Lamprecht, A. and Dual, J.},
  journal={Lab on a Chip},
  volume={16},
  number={23},
  pages={4581--4594},
  year={2016},
  publisher={Royal Society of Chemistry}
}

@article{garbin2015,
  title={Acoustophoresis of disk-shaped microparticles: A numerical and experimental study of acoustic radiation forces and torques},
  author={Garbin, A. and Leibacher, I. and Hahn, P. and Le Ferrand, H. and 
      Studart, A. and Dual, J.},
  journal={The Journal of the Acoustical Society of America},
  volume={138},
  number={5},
  pages={2759--2769},
  year={2015},
  publisher={ASA}
}

@article{konig1891,
  title={Hydrodynamisch-akustische Untersuchungen},
  author={K{\"o}nig, W.},
  journal={Annalen der Physik},
  volume={278},
  number={4},
  pages={549--563},
  year={1891},
  publisher={Wiley Online Library}
}

@article{ashkin1992,
  title={Forces of a single-beam gradient laser trap on a dielectric sphere in the ray optics regime},
  author={Ashkin, A.},
  journal={Biophysical journal},
  volume={61},
  number={2},
  pages={569--582},
  year={1992},
  publisher={Elsevier}
}

@article{peterman2003,
  title={Laser-induced heating in optical traps},
  author={Peterman, E.J.G. and Gittes, F. and Schmidt, C.F.},
  journal={Biophysical journal},
  volume={84},
  number={2},
  pages={1308--1316},
  year={2003},
  publisher={Elsevier}
}

@article{jerome1968,
  title={Viscosities of aqueous glycol solutions},
  author={Jerome, F.S. and Tseng, J.T. and Fan, L.T.},
  journal={Journal of Chemical \& Engineering Data},
  volume={13},
  number={4},
  pages={496--496},
  year={1968},
  publisher={ACS Publications}
}

@incollection{dual2014ultra,
  title={Ultrasonic Microrobotics in Cavities: Devices and Numerical Simulation},
  author={Dual, J. and Hahn, P. and Lamprecht, A. and Leibacher, I. and 
      M{\"o}ller, D. and Schwarz, T. and Wang, J.},
  booktitle={Microscale Acoustofluidics},
  pages={212--241},
  year={2014},
  publisher={Royal Society of Chemistry}
}

@Article{Mousavi2019,
author ={Mousavi, S. Masoumeh and Kasianiuk, Iryna and Kasyanyuk, Denis and 
Velu, Sabareesh K. P. and Callegari, Agnese and Biancofiore, Luca and Volpe, 
Giovanni},
title ={Clustering of Janus particles in an optical potential driven by 
hydrodynamic fluxes},
journal  ={Soft Matter},
year  ={2019},
volume  ={15},
issue  ={28},
pages  ={5748-5759},
publisher  ={The Royal Society of Chemistry},
doi  ={10.1039/C8SM02282H},
url  ={http://dx.doi.org/10.1039/C8SM02282H}
}

@article{Zhou2020,
author = {Zhou, Yinning and Ma, Zhichao and Ai, Ye},
title = {Submicron Particle Concentration and Patterning with Ultralow Frequency Acoustic Vibration},
journal = {Analytical Chemistry},
volume = {92},
number = {19},
pages = {12795-12800},
year = {2020},
doi = {10.1021/acs.analchem.0c02765},
    note ={PMID: 32894949},

URL = { https://doi.org/10.1021/acs.analchem.0c02765 },
eprint = { https://doi.org/10.1021/acs.analchem.0c02765 }
}

@article {Tian2020,
    author = {Tian, Zhenhua and Wang, Zeyu and Zhang, Peiran and Naquin, Ty 
    Downing and Mai, John and Wu, Yuqi and Yang, Shujie and Gu, Yuyang and 
Bachman, Hunter and Liang, Yaosi and Yu, Zhiming and Huang, Tony Jun},
    title = {Generating multifunctional acoustic tweezers in Petri dishes for 
    contactless, precise manipulation of bioparticles},
    volume = {6},
    number = {37},
    elocation-id = {eabb0494},
    year = {2020},
    doi = {10.1126/sciadv.abb0494},
    publisher = {American Association for the Advancement of Science},
    URL = {https://advances.sciencemag.org/content/6/37/eabb0494},
    eprint = {https://advances.sciencemag.org/content/6/37/eabb0494.full.pdf},
    journal = {Science Advances}
}

@article {Zhang2020,
    author = {Zhang, Peiran and Chen, Chuyi and Su, Xingyu and Mai, John and Gu, 
    Yuyang and Tian, Zhenhua and Zhu, Haodong and Zhong, Zhanwei and Fu, Hai and 
Yang, Shujie and Chakrabarty, Krishnendu and Huang, Tony Jun},
    title = {Acoustic streaming vortices enable contactless, digital control of 
    droplets},
    volume = {6},
    number = {24},
    elocation-id = {eaba0606},
    year = {2020},
    doi = {10.1126/sciadv.aba0606},
    publisher = {American Association for the Advancement of Science},
    URL = {https://advances.sciencemag.org/content/6/24/eaba0606},
    eprint = {https://advances.sciencemag.org/content/6/24/eaba0606.full.pdf},
    journal = {Science Advances}
}

@incollection{GutirezMedina2010,
title = {Chapter 15 - An Optical Apparatus for Rotation and Trapping},
editor = {Nils G. Walter},
series = {Methods in Enzymology},
publisher = {Academic Press},
volume = {475},
pages = {377 - 404},
year = {2010},
booktitle = {Single Molecule Tools, Part B:Super-Resolution, Particle Tracking, 
Multiparameter, and Force Based Methods},
issn = {0076-6879},
doi = {https://doi.org/10.1016/S0076-6879(10)75015-1},
url = {http://www.sciencedirect.com/science/article/pii/S0076687910750151},
author = {Braulio Gutiérrez-Medina and Johan O.L. Andreasson and William J. 
Greenleaf and Arthur LaPorta and Steven M. Block}
}

@article{Manzo2006,
  title = {Light-induced rotation of dye-doped liquid crystal droplets},
  author = {Manzo, C. and Paparo, D. and Marrucci, L. and J\'anossy, I.},
  journal = {Phys. Rev. E},
  volume = {73},
  issue = {5},
  pages = {051707},
  numpages = {14},
  year = {2006},
  month = {May},
  publisher = {American Physical Society},
  doi = {10.1103/PhysRevE.73.051707},
  url = {https://link.aps.org/doi/10.1103/PhysRevE.73.051707}
}

@article{Friese1998,
  doi = {10.1038/28566},
  url = {https://doi.org/10.1038/28566},
  year = {1998},
  month = jul,
  publisher = {Springer Science and Business Media {LLC}},
  volume = {394},
  number = {6691},
  pages = {348--350},
  author = {M. E. J. Friese and T. A. Nieminen and N. R. Heckenberg and H. Rubinsztein-Dunlop},
  title = {Optical alignment and spinning of laser-trapped microscopic particles},
  journal = {Nature}
}
