@PATENT{USpat1,
   author = {M.B. Barmatz},
   title = {System for Controlled Acoustic Rotation of Objects},
   year = {1983},
   number = {US4393706}
}

@PATENT{USpat2,
   author = {M.B. Barmatz},
   title = {Acoustic Controlled Rotation and Orientation},
   year = {1989},
   number = { US4800756 }
}

@PATENT{USpat,
   author = {D.D. Elleman},
   title = {Acoustic Rotation Control},
   year = {1983},
   number = {US4420977}
}

@article{Lamprecht2013,
  title={INVESTIGATIONS ON THE TIME-AVERAGED VISCOUS TORQUE ACTING ON ROTATING MICRO PARTICLES},
  author={Lamprecht, A. and Schwarz, T. and Jingtao, W. and Dual, J.},
  year={2013},
  journal={2013 International Congress on Ultrasonics, 2-5 May 2013, Singapore}
}

@article{konig1891,
  title={Hydrodynamisch-akustische Untersuchungen},
  author={K{\"o}nig, W.},
  journal={Annalen der Physik},
  volume={278},
  number={4},
  pages={549--563},
  year={1891},
  publisher={Wiley Online Library}
}
